% Existi muitas formas de montar uma referencia .bib, aqui só deixei um exemplo, o exemplo de um artigo.

% Minha dica é sempre que precisar criar um referencia aqui, vá no google scholar, (ou Google Acadêmico em portugues), pesquise pelo titulo do trabalho ou autor. Algumas vezes você não vai encontrar.

% Depois de pesquisar pelo trabalho você encontrara um simbolo de citação, clique nele e escolha a opção " BibTeX ", ai é só copiar o código e colocar aqui.

% Salve todos os trabalhas que pesquisou aqui para não se perder, e não se preocupe eles so apareceram nas referencia se você citar lá no texto.

@inproceedings{Paradeda2019you,
  title={\textbf{Do You Trust Me? Investigating the Formation of Trust in Social Robots}},
  author={Hashemian, Mojgan and Paradeda, Raul and Guerra, Carla and Paiva, Ana},
  booktitle={EPIA Conference on Artificial Intelligence},
  pages={357--369},
  year={2019},
  organization={Springer}
}